<record><leader>00000cas a22000007a 4500</leader><controlfield tag="001">24772310</controlfield><controlfield tag="008">911113d18741875nyuwr ne      0    0eng d</controlfield><datafield ind1=" " ind2=" " tag="010"><subfield code="a">sn 91066761 </subfield></datafield><datafield ind1=" " ind2=" " tag="040"><subfield code="a">NYS</subfield><subfield code="b">eng</subfield><subfield code="c">NYS</subfield><subfield code="d">OCLCQ</subfield></datafield><datafield ind1=" " ind2=" " tag="042"><subfield code="a">msc</subfield></datafield><datafield ind1="0" ind2=" " tag="130"><subfield code="a">Weekly pioneer (Norwich, N.Y.)</subfield></datafield><datafield ind1="1" ind2="4" tag="245"><subfield code="a">The weekly pioneer.</subfield></datafield><datafield ind1=" " ind2=" " tag="260"><subfield code="a">Norwich, N.Y. :</subfield><subfield code="b">Weekly Pioneer</subfield></datafield><datafield ind1=" " ind2=" " tag="300"><subfield code="a">v.</subfield></datafield><datafield ind1=" " ind2=" " tag="310"><subfield code="a">Weekly</subfield></datafield><datafield ind1="1" ind2=" " tag="362"><subfield code="a">Began in 1874.</subfield></datafield><datafield ind1="0" ind2=" " tag="362"><subfield code="a">-v. 3, no. 42 (July 10, 1875).</subfield></datafield><datafield ind1=" " ind2=" " tag="500"><subfield code="a">Editor: W.M. Dietz, &lt;1874&gt;.</subfield></datafield><datafield ind1=" " ind2=" " tag="515"><subfield code="a">No issue published: Apr. 17, 1875.</subfield></datafield><datafield ind1=" " ind2=" " tag="588"><subfield code="a">Description based on: Vol. 3, no. 1 (Sept. 19, 1874).</subfield></datafield><datafield ind1=" " ind2="4" tag="651"><subfield code="a">Norwich (N.Y.)</subfield><subfield code="v">Newspapers.</subfield></datafield><datafield ind1=" " ind2="4" tag="651"><subfield code="a">Chenango County (N.Y.)</subfield><subfield code="v">Newspapers.</subfield></datafield><datafield ind1=" " ind2=" " tag="752"><subfield code="a">United States</subfield><subfield code="b">New York</subfield><subfield code="c">Chenango</subfield><subfield code="d">Norwich.</subfield></datafield><datafield ind1="0" ind2="0" tag="780"><subfield code="t">Young pioneer (Norwich, N.Y.)</subfield><subfield code="w">(DLC)sn 92062077</subfield></datafield><datafield ind1="0" ind2="0" tag="785"><subfield code="t">Norwich bulletin (Norwich, N.Y.)</subfield><subfield code="w">(DLC)sn 92062078</subfield></datafield><datafield ind1="1" ind2=" " tag="029"><subfield code="a">AU@</subfield><subfield code="b">000025852448</subfield></datafield></record>